
@article{mettetal2008,
  title = {The {{Frequency Dependence}} of {{Osmo}}-{{Adaptation}} in {{Saccharomyces}} Cerevisiae},
  author = {Mettetal, J. T. and Muzzey, D. and Gomez-Uribe, C. and van Oudenaarden, A.},
  options = {useprefix=true},
  date = {2008-01-25},
  journaltitle = {Science},
  shortjournal = {Science},
  volume = {319},
  number = {5862},
  pages = {482--484},
  issn = {0036-8075, 1095-9203},
  doi = {10.1126/science.1151582},
  url = {https://www.sciencemag.org/lookup/doi/10.1126/science.1151582},
  urldate = {2021-07-24},
  langid = {english},
}

@article{meyer2017,
  title = {Transfer {{Functions}} for {{Periodic Reactor Operation}}: Fundamental {{Methodology}} for {{Simple Reaction Networks}}},
  shorttitle = {Transfer {{Functions}} for {{Periodic Reactor Operation}}},
  author = {Meyer, Dominik and Friedland, Jens and Kohn, Thiemo and Güttel, Robert},
  date = {2017-11},
  journaltitle = {Chemical Engineering \& Technology},
  shortjournal = {Chem. Eng. Technol.},
  volume = {40},
  number = {11},
  pages = {2096--2103},
  issn = {09307516},
  doi = {10.1002/ceat.201700122},
  url = {https://onlinelibrary.wiley.com/doi/10.1002/ceat.201700122},
  urldate = {2021-07-28},
  langid = {english},
}

@article{muchowska2019,
  title = {Synthesis and Breakdown of Universal Metabolic Precursors Promoted by Iron},
  author = {Muchowska, Kamila B. and Varma, Sreejith J. and Moran, Joseph},
  date = {2019-05-02},
  journaltitle = {Nature},
  shortjournal = {Nature},
  volume = {569},
  number = {7754},
  pages = {104--107},
  issn = {0028-0836, 1476-4687},
  doi = {10.1038/s41586-019-1151-1},
  url = {http://www.nature.com/articles/s41586-019-1151-1},
  urldate = {2021-07-24},
  langid = {english},
}

@article{nagorski2001,
  title = {Mechanistic {{Imperatives}} for {{Aldose}}−{{Ketose Isomerization}} in {{Water}}: Specific, {{General Base}}- and {{Metal Ion}}-{{Catalyzed Isomerization}} of {{Glyceraldehyde}} with {{Proton}} and {{Hydride Transfer}}},
  shorttitle = {Mechanistic {{Imperatives}} for {{Aldose}}−{{Ketose Isomerization}} in {{Water}}},
  author = {Nagorski, R. W. and Richard, John P.},
  date = {2001-02},
  journaltitle = {Journal of the American Chemical Society},
  shortjournal = {J. Am. Chem. Soc.},
  volume = {123},
  number = {5},
  pages = {794--802},
  issn = {0002-7863, 1520-5126},
  doi = {10.1021/ja003433a},
  url = {https://pubs.acs.org/doi/10.1021/ja003433a},
  urldate = {2021-07-25},
  langid = {english},
}

